@mastersthesis{1,
author = "Rohit Dube",
title = "A Comparison of the Memory Management sub-systems in FreeBSD and Linux",
school = "Univ. Maryland",
address = "College Park",
year = "1998"
}

@mastersthesis{2,
author = "Gaurang Khetan",
title = "Comparison of Memory Management Systems of BSD, Windows, and Linux",
school = "Univ. Southern California",
address = "Los Angeles",
year = "2002"
}

@electronic{3,
author = "Arora Himanshu",
title = "Linux Memory Management â€“ Virtual Memory and Demand Paging",
url = "http://www.thegeekstuff.com/2012/02/linux-memory-management",
year = "2012"
}

