@book{1,
author = "D. Kevin McGrath",
title = "Operating Systems Course Pack -- Top Hat",
publisher = "TopHat",
year = "2016"
}

@book{2,
author = "Robert Love",
title = "Linux Kernel Development Second Edition",
publisher = "Sams Publishing",
year = "2005"
}

@electronic{3,
author = "Microsoft",
title = "Types of Windows Drivers",
url = "https://msdn.microsoft.com/en-us/library/windows/hardware/ff564864(v=vs.85).aspx",
year = "2017"
}

@electronic{4,
author = "Mark E. Russinovich and Alex Ionescu and David A. Solomon",
title = "Understanding the Windows I/O System",
url = "https://www.microsoftpressstore.com/articles/article.aspx?p=2201309",
year = "2012"
}

@book{5,
author = "Marshall Kirk McKusick and George V. Neville-Neil",
title = "The Design and Implementation of the FreeBSD Operating System",
publisher = "Addison-Wesley",
year = "2004"
}

@book{6,
author = "The FreeBSD Documentation Project",
title = "FreeBSD Architecture Handbook",
publisher = "N/A",
year = "2013"
}

@book{7,
author = "Marshall Kirk McKusick and George V. Neville-Neil and Robert N.M. Watson",
title = "The Design and Implementation of the FreeBSD Operating System, 2nd Edition",
publisher = "Addison-Wesley",
year = "2014"
}