@book{1,
author = "D. Kevin McGrath",
title = "Operating Systems Course Pack -- Top Hat",
publisher = "TopHat",
year = "2016"
}

@book{2,
author = "William Stallings",
title = "Operating Systems: Internals and Design Principles, 6th Edition",
publisher = "Prentice Hall",
year = "2009"
}

@book{3,
author = "William Stallings",
title = "Operating Systems: Internals and Design Principles, 5th Edition",
publisher = "Prentice Hall",
year = "2005"
}

@electronic{4,
author = "Microsoft",
title = "Processes and Threads",
url = "https://msdn.microsoft.com/en-us/library/windows/desktop/ms684841(v=vs.85).aspx",
year = "2017"
}

@book{5,
author = "Marshall Kirk McKusick and George V. Neville-Neil",
title = "The Design and Implementation of the FreeBSD Operating System",
publisher = "Addison-Wesley",
year = "2004"
}

@book{6,
author = "Marshall Kirk McKusick and Keith Bostic and Michael J. Karels and John S. Quarterman",
title = "The Design and Implementation of the 4.4BSD Operating System",
publisher = "Addison-Wesley",
year = "1996"
}

@book{7,
author = "Marshall Kirk McKusick and George V. Neville-Neil and Robert N.M. Watson",
title = "The Design and Implementation of the FreeBSD Operating System, 2nd Edition",
publisher = "Addison-Wesley",
year = "2014"
}