@book{1,
author = "D. Kevin McGrath",
title = "Operating Systems Course Pack -- Top Hat",
publisher = "TopHat",
year = "2016"
}

@book{2,
author = "William Stallings",
title = "Operating Systems: Internals and Design Principles, 6th Edition",
publisher = "Prentice Hall",
year = "2009"
}

@book{3,
author = "William Stallings",
title = "Operating Systems: Internals and Design Principles, 5th Edition",
publisher = "Prentice Hall",
year = "2005"
}

@electronic{4,
author = "Microsoft",
title = "Processes and Threads",
url = "https://msdn.microsoft.com/en-us/library/windows/desktop/ms684841(v=vs.85).aspx",
year = "2017"
}

@book{5,
author = "Marshall Kirk McKusick and George V. Neville-Neil",
title = "The Design and Implementation of the FreeBSD Operating System",
publisher = "Addison-Wesley",
year = "2004"
}

@book{6,
author = "Marshall Kirk McKusick and Keith Bostic and Michael J. Karels and John S. Quarterman",
title = "The Design and Implementation of the 4.4BSD Operating System",
publisher = "Addison-Wesley",
year = "1996"
}

@book{7,
author = "Marshall Kirk McKusick and George V. Neville-Neil and Robert N.M. Watson",
title = "The Design and Implementation of the FreeBSD Operating System, 2nd Edition",
publisher = "Addison-Wesley",
year = "2014"
}

@book{8,
author = "Robert Love",
title = "Linux Kernel Development Second Edition",
publisher = "Sams Publishing",
year = "2005"
}

@electronic{9,
author = "Microsoft",
title = "Types of Windows Drivers",
url = "https://msdn.microsoft.com/en-us/library/windows/hardware/ff564864(v=vs.85).aspx",
year = "2017"
}

@electronic{10,
author = "Mark E. Russinovich and Alex Ionescu and David A. Solomon",
title = "Understanding the Windows I/O System",
url = "https://www.microsoftpressstore.com/articles/article.aspx?p=2201309",
year = "2012"
}

@book{11,
author = "Marshall Kirk McKusick and George V. Neville-Neil",
title = "The Design and Implementation of the FreeBSD Operating System",
publisher = "Addison-Wesley",
year = "2004"
}

@book{12,
author = "The FreeBSD Documentation Project",
title = "FreeBSD Architecture Handbook",
publisher = "N/A",
year = "2013"
}

@book{13,
author = "Marshall Kirk McKusick and George V. Neville-Neil and Robert N.M. Watson",
title = "The Design and Implementation of the FreeBSD Operating System, 2nd Edition",
publisher = "Addison-Wesley",
year = "2014"
}

@mastersthesis{14,
author = "Rohit Dube",
title = "A Comparison of the Memory Management sub-systems in FreeBSD and Linux",
school = "Univ. Maryland",
address = "College Park",
year = "1998"
}

@mastersthesis{15,
author = "Gaurang Khetan",
title = "Comparison of Memory Management Systems of BSD, Windows, and Linux",
school = "Univ. Southern California",
address = "Los Angeles",
year = "2002"
}

@electronic{16,
author = "Arora Himanshu",
title = "Linux Memory Management â€“ Virtual Memory and Demand Paging",
url = "http://www.thegeekstuff.com/2012/02/linux-memory-management",
year = "2012"
}
